1892 3409
97 144 816 496 u

101 481 105 490 ι

270 600 625 656 ona‘ronrous.
690 613 747 671 ιη

147 694 212 778 pafii
221 696 317 756 fratres
325 694 448 768 fuerunt,
457 696 506 773 qui
514 694 601 754 multa
608 713 702 775 opera,
711 697 752 773 ig·

147 786 210 846 noti
218 784 346 842 homines
354 798 382 841 et
390 783 537 862 repentini,
545 779 699 860 quaestores
708 802 753 841 ce·

147 869 241 930 leriter
255 867 319 928 faoi
335 866 409 942 sunt,
428 867 569 949 oppidano
588 868 709 947 quodam
725 882 754 926 et

148 955 297 1016 incondito
304 975 405 1034 genere
415 954 536 1015 dicendi.
559 953 754 1014 addamushuc

148 1045 243 1117 etiam,
255 1063 290 1100 ne
306 1062 388 1120 quem
397 1041 523 1102 vocalem
534 1039 696 1120 praeteriille
711 1041 754 1099 vi·

145 1129 272 1205 deamur,
285 1134 319 1189 C.
329 1126 498 1188 Cosconium
509 1126 694 1200 Calidianum,
705 1129 755 1204 qui

145 1215 230 1290 ‚nullo
239 1216 440 1289 acumine,eam
450 1230 542 1273 tamen
550 1215 698 1273 verborum
706 1234 754 1273 co·

151 1306 237 1384 piam,
248 1301 359 1381 liquam
370 1304 497 1372 habebat,
509 1302 656 1378 praebebat
664 1321 755 1381 popu·

150 1390 252 1451 locum
260 1389 347 1449 multa
356 1386 579 1461 concursatione,
596 1408 756 1468 magnoque

151 1475 283 1536 elamore.
306 1474 382 1553 quod
389 1473 461 1533 idem
471 1473 586 1533 faciebat
598 1481 635 1549 Q.
645 1476 756 1551 Arrius,

151 1564 201 1642 qui
216 1560 269 1620 fuit
285 1568 327 1619 M.
343 1559 425 1619 Craffi
437 1558 511 1639 quali
521 1559 706 1619 secundarius.
730 1560 755 1620 is

152 1649 282 1706 omnibus
290 1645 417 1726 exemplo
425 1646 504 1706 debet
511 1645 571 1721 elle,
583 1662 716 1726 quantum
724 1649 755 1707 io

151 1737 203 1793 hac
215 1734 280 1792 urbe
288 1732 388 1813 polleat
403 1733 554 1794 multorum
565 1734 677 1794 obedire
685 1749 754 1794 tem·

148 1822 227 1900 pori,
239 1819 443 1899 multorumque
457 1820 502 1879 vel
510 1821 612 1880 honori
628 1820 672 1880 vel
683 1822 755 1900 peri·

153 1907 217 1968 culo
225 1906 334 1968 servire.
355 1905 756 1981 hisenimrebus,infimoloro

151 2009 249 2069 nnus,
259 2009 288 2053 et
302 1997 437 2067 honores,
447 2010 476 2053 et
487 1994 643 2073 pecuniam,
655 2009 682 2051 et
693 2015 755 2071 gra·

153 2082 221 2140 tiam
236 2079 410 2156 consecutus,
422 2082 506 2140 etiam
520 2082 550 2140 in
562 2093 756 2160 patronorum,

153 2164 211 2225 sine
219 2166 352 2241 doilrina,
363 2167 419 2228 line
430 2168 556 2245 ingenio,
572 2167 692 2243 aliquem
703 2187 757 2226 nu·

155 2271 259 2312 merum
268 2253 527 2331 pervenerat.ledut
533 2252 640 2332 pugiles
648 2254 758 2312 inexer-

156 2340 244 2413 citati,
252 2341 333 2398 etiam
342 2338 361 2398 fi
369 2362 476 2420 pugnos
484 2340 624 2420 etplagas,
632 2338 759 2418 Olympi·

155 2448 236 2488 orum
245 2425 348 2506 cupidi,
360 2426 429 2486 ferre
437 2426 560 2505 poliunt,
572 2426 656 2486 solem
664 2442 758 2486 tamen

156 2513 233 2594 saepe
241 2513 313 2573 ferre
321 2535 381 2573 non
389 2512 516 2594 polluat:
526 2512 688 2587 ficille,cun1
697 2534 759 2574 om·

148 2602 250 2678 ¹nijam
259 2600 371 2659 fortuna
378 2599 506 2680 prospere
517 2598 639 2672 funilus,
650 2599 760 2659 labores

149 2689 240 2756 ¹etiam
248 2706 365 2761 magnos
376 2683 532 2764 excepillet,
543 2684 760 2761 illiusjudicialis

159 2772 226 2832 anni
235 2767 415 2846 severitatem,
429 2769 504 2851 quafi
512 2768 606 2845 solem,
618 2792 676 2829 non
686 2770 759 2831 tulit.

159 2875 220 2917 tum
229 2857 351 2931 Atticus,
363 2872 392 2915 tu
402 2856 512 2935 quidem
521 2856 554 2916 de
562 2857 645 2929 faece,
657 2858 767 2931 inquit,

158 2944 267 3024 hauris,
275 2941 360 3028 idque
374 2943 439 3027 'pani
447 2938 796 3009 nonnionem·-

824 3103 843 3228 l
