1892 3409
560 288 1278 348 ORATORIBUS.
1442 305 1518 361 25

320 410 558 466 veteres;
589 393 655 451 ad
674 389 936 470 ipsorum,
956 388 1078 447 sane
1097 407 1362 449 recentes.
1398 412 1528 450 nam

322 498 618 560 antequam
636 478 894 537 delectata
916 475 990 535 est
1014 475 1425 535 Atheniensium
1449 480 1528 535 ci-

320 568 471 628 -vitas
502 571 602 626 hac
624 565 783 624 laude
805 562 1050 637 dicendi,
1075 562 1248 622 multa
1272 564 1392 640 jam
1415 583 1529 621 me-

318 653 613 719 morabilia
628 668 683 711 et
698 654 757 711 in
773 650 1081 711 domesticis
1095 666 1149 709 et
1161 652 1221 709 in
1233 649 1439 709 bellicis
1453 671 1535 710 re-

324 743 429 801 bus
444 739 718 799 effecerat.
766 742 874 799 hoc
889 754 1067 798 autem
1087 736 1319 797 studium
1339 759 1456 796 non
1473 759 1531 796 e-

320 842 412 887 rat
428 846 722 887 commune
738 828 1016 899 Graeciae,
1038 823 1126 884 sed
1144 827 1428 905 proprium
1451 832 1532 884 A·

328 918 640 975 thenarum.
688 915 813 993 quis
837 914 984 972 enim
1003 929 1098 972 aut
1115 915 1385 991 Argivum
1402 934 1530 972 ora·

320 1016 529 1077 forem,
556 1017 651 1061 aut
677 1001 1054 1073 Corinthium,
1079 1015 1174 1059 aut
1197 1003 1532 1061 Thebanum

324 1087 427 1151 scit
451 1087 603 1149 fuiffe
625 1089 966 1166 temporibus
987 1086 1096 1145 illis
1119 1088 1140 1145 ἓ
1168 1085 1265 1145 nifi
1296 1087 1430 1165 quid
1464 1089 1534 1147 de

328 1175 741 1255 Epaminonda,
758 1172 923 1233 doeio
940 1174 1188 1246 homine,
1200 1171 1450 1253 suspicari
1468 1175 1536 1233 li·

331 1264 449 1321 bet.
478 1260 973 1320 Lacedaemonium
993 1280 1130 1319 vero
1154 1258 1320 1340 usque
1336 1260 1403 1319 ad
1429 1265 1538 1323 hoc

334 1364 549 1427 tempus
568 1346 752 1406 audivi
770 1345 919 1406 fuisse
943 1349 1242 1408 neminem.
1293 1350 1537 1409 Menela-

337 1457 432 1495 um
464 1434 905 1515 ipsum,.dulcem
939 1435 1091 1494 illum
1118 1435 1338 1515 quidem
1370 1438 1537 1495 tradit

331 1530 636 1597 Homerus,
662 1522 748 1581 sed
767 1545 935 1601 pauca
952 1523 1248 1582 dicentem.
1297 1527 1537 1584 brevitas

330 1628 537 1685 autem,
564 1611 678 1670 laus
704 1611 778 1669 est
803 1612 1076 1668 interdum
1103 1612 1158 1667 in
1187 1612 1366 1688 aliqua
1388 1629 1538 1689 parte

331 1698 575 1772 dicendi,
610 1701 667 1755 in
693 1696 945 1755 universa
976 1697 1291 1774 eloquentia
1323 1698 1541 1759 laudem

335 1807 448 1844 :nem
472 1788 652 1844 lubet.
688 1802 740 1840 nt
764 1806 892 1840 vem
912 1799 1067 1840 extr-„1
1087 1791 1129 1840 C
1145 1788 1369 1844 faecium
1389 1807 1473 1840 {ma
1517 1820 1541 1832 -
