<?xml version="1.0" encoding="UTF-8"?>
<!DOCTYPE html PUBLIC "-//W3C//DTD XHTML 1.0 Transitional//EN"
    "http://www.w3.org/TR/xhtml1/DTD/xhtml1-transitional.dtd">
<html xmlns="http://www.w3.org/1999/xhtml" xml:lang="en" lang="en">
 <head>
  <title>
</title>
<meta http-equiv="Content-Type" content="text/html;charset=utf-8" />
  <meta name='ocr-system' content='tesseract 3.04.00' />
  <meta name='ocr-capabilities' content='ocr_page ocr_carea ocr_par ocr_line ocrx_word'/>
</head>
<body>
  <div class='ocr_page' id='page_1' title='image "./mtulliiciceroni27cicegoog_0051.png"; bbox 0 0 1892 3409; ppageno 0'>
   <div class='ocr_carea' id='block_1_1' title="bbox 316 569 739 648">
    <p class='ocr_par' dir='ltr' id='par_1_1' title="bbox 316 569 739 648">
     <span class='ocr_line' id='line_1_1' title="bbox 316 569 739 648; baseline -0.014 -20"><span class='ocrx_word' id='word_1_1' title='bbox 316 569 563 628; x_wconf 78' lang='lat' dir='ltr'>onnron</span> <span class='ocrx_word' id='word_1_2' title='bbox 700 585 739 648; x_wconf 63' lang='grc' dir='ltr'>μ</span> 
     </span>
    </p>
   </div>
   <div class='ocr_carea' id='block_1_2' title="bbox 121 665 751 2913">
    <p class='ocr_par' dir='ltr' id='par_1_2' title="bbox 121 665 751 2913">
     <span class='ocr_line' id='line_1_2' title="bbox 143 665 746 750; baseline -0.007 -17"><span class='ocrx_word' id='word_1_3' title='bbox 143 673 198 733; x_wconf 88' lang='lat' dir='ltr'>nim</span> <span class='ocrx_word' id='word_1_4' title='bbox 214 665 273 750; x_wconf 83' lang='lat' dir='ltr'>ipsa</span> <span class='ocrx_word' id='word_1_5' title='bbox 287 672 440 742; x_wconf 72' lang='lat' dir='ltr'>contradia,</span> <span class='ocrx_word' id='word_1_6' title='bbox 452 684 481 728; x_wconf 86' lang='lat' dir='ltr'>et</span> <span class='ocrx_word' id='word_1_7' title='bbox 491 670 610 742; x_wconf 77' lang='lat' dir='ltr'>minute,</span> <span class='ocrx_word' id='word_1_8' title='bbox 622 689 681 729; x_wconf 89' lang='lat' dir='ltr'>non</span> <span class='ocrx_word' id='word_1_9' title='bbox 696 689 746 730; x_wconf 86' lang='lat' dir='ltr'>ne·</span> 
     </span>
     <span class='ocr_line' id='line_1_3' title="bbox 141 753 745 837; baseline -0.002 -18"><span class='ocrx_word' id='word_1_10' title='bbox 141 759 275 837; x_wconf 79' lang='lat' dir='ltr'>gligenter</span> <span class='ocrx_word' id='word_1_11' title='bbox 291 755 434 815; x_wconf 71' lang='lat' dir='ltr'>traelnnda</span> <span class='ocrx_word' id='word_1_12' title='bbox 452 753 527 827; x_wconf 88' lang='lat' dir='ltr'>sunt,</span> <span class='ocrx_word' id='word_1_13' title='bbox 550 753 595 815; x_wconf 86' lang='lat' dir='ltr'>sed</span> <span class='ocrx_word' id='word_1_14' title='bbox 612 756 745 835; x_wconf 79' lang='lat' dir='ltr'>quaedam</span> 
     </span>
     <span class='ocr_line' id='line_1_4' title="bbox 141 841 746 920; baseline -0.005 -15"><span class='ocrx_word' id='word_1_15' title='bbox 141 847 223 906; x_wconf 83' lang='lat' dir='ltr'>etiarn</span> <span class='ocrx_word' id='word_1_16' title='bbox 239 843 410 920; x_wconf 80' lang='lat' dir='ltr'>negligentia</span> <span class='ocrx_word' id='word_1_17' title='bbox 425 841 461 901; x_wconf 88' lang='lat' dir='ltr'>est</span> <span class='ocrx_word' id='word_1_18' title='bbox 477 842 607 920; x_wconf 76' lang='lat' dir='ltr'>diligens.</span> <span class='ocrx_word' id='word_1_19' title='bbox 634 863 699 902; x_wconf 86' lang='lat' dir='ltr'>narn</span> <span class='ocrx_word' id='word_1_20' title='bbox 713 857 746 902; x_wconf 82' lang='lat' dir='ltr'>ut</span> 
     </span>
     <span class='ocr_line' id='line_1_5' title="bbox 142 927 748 992; baseline -0.005 0"><span class='ocrx_word' id='word_1_21' title='bbox 142 932 267 992; x_wconf 82' lang='lat' dir='ltr'>mulieres</span> <span class='ocrx_word' id='word_1_22' title='bbox 276 927 328 989; x_wconf 88' lang='lat' dir='ltr'>elle</span> <span class='ocrx_word' id='word_1_23' title='bbox 335 929 464 989; x_wconf 87' lang='lat' dir='ltr'>dicuutur</span> <span class='ocrx_word' id='word_1_24' title='bbox 471 929 625 989; x_wconf 87' lang='lat' dir='ltr'>nonnullae</span> <span class='ocrx_word' id='word_1_25' title='bbox 633 929 748 989; x_wconf 86' lang='lat' dir='ltr'>inorna-</span> 
     </span>
     <span class='ocr_line' id='line_1_6' title="bbox 142 1013 749 1098; baseline -0.007 -20"><span class='ocrx_word' id='word_1_26' title='bbox 142 1034 196 1092; x_wconf 79' lang='lat' dir='ltr'>tae,</span> <span class='ocrx_word' id='word_1_27' title='bbox 209 1037 280 1098; x_wconf 87' lang='lat' dir='ltr'>quaa</span> <span class='ocrx_word' id='word_1_28' title='bbox 293 1015 409 1096; x_wconf 86' lang='lat' dir='ltr'>idipsum</span> <span class='ocrx_word' id='word_1_29' title='bbox 425 1015 532 1078; x_wconf 79' lang='lat' dir='ltr'>deceat:</span> <span class='ocrx_word' id='word_1_30' title='bbox 544 1015 579 1076; x_wconf 83' lang='lat' dir='ltr'>lic</span> <span class='ocrx_word' id='word_1_31' title='bbox 590 1013 749 1076; x_wconf 84' lang='lat' dir='ltr'>haecsubti·</span> 
     </span>
     <span class='ocr_line' id='line_1_7' title="bbox 142 1100 748 1184; baseline -0.007 -18"><span class='ocrx_word' id='word_1_32' title='bbox 142 1107 178 1166; x_wconf 80' lang='lat' dir='ltr'>lis</span> <span class='ocrx_word' id='word_1_33' title='bbox 187 1106 275 1162; x_wconf 85' lang='lat' dir='ltr'>orario</span> <span class='ocrx_word' id='word_1_34' title='bbox 283 1107 367 1164; x_wconf 89' lang='lat' dir='ltr'>etiam</span> <span class='ocrx_word' id='word_1_35' title='bbox 379 1105 521 1184; x_wconf 88' lang='lat' dir='ltr'>incompta</span> <span class='ocrx_word' id='word_1_36' title='bbox 532 1103 658 1163; x_wconf 74' lang='lat' dir='ltr'>deledlat.</span> <span class='ocrx_word' id='word_1_37' title='bbox 681 1100 748 1162; x_wconf 82' lang='lat' dir='ltr'>fite·</span> 
     </span>
     <span class='ocr_line' id='line_1_8' title="bbox 144 1187 748 1272; baseline -0.005 -20"><span class='ocrx_word' id='word_1_38' title='bbox 144 1193 202 1252; x_wconf 89' lang='lat' dir='ltr'>nim</span> <span class='ocrx_word' id='word_1_39' title='bbox 214 1189 346 1270; x_wconf 81' lang='lat' dir='ltr'>quiddam</span> <span class='ocrx_word' id='word_1_40' title='bbox 360 1192 390 1250; x_wconf 89' lang='lat' dir='ltr'>in</span> <span class='ocrx_word' id='word_1_41' title='bbox 401 1206 531 1271; x_wconf 89' lang='lat' dir='ltr'>utroque,</span> <span class='ocrx_word' id='word_1_42' title='bbox 542 1211 600 1272; x_wconf 91' lang='lat' dir='ltr'>quo</span> <span class='ocrx_word' id='word_1_43' title='bbox 608 1187 748 1251; x_wconf 76' lang='lat' dir='ltr'>situenus·</span> 
     </span>
     <span class='ocr_line' id='line_1_9' title="bbox 146 1276 747 1358; baseline 0 -22"><span class='ocrx_word' id='word_1_44' title='bbox 146 1280 209 1352; x_wconf 79' lang='lat' dir='ltr'>rius,</span> <span class='ocrx_word' id='word_1_45' title='bbox 221 1276 267 1337; x_wconf 88' lang='lat' dir='ltr'>sed</span> <span class='ocrx_word' id='word_1_46' title='bbox 279 1298 339 1337; x_wconf 89' lang='lat' dir='ltr'>non</span> <span class='ocrx_word' id='word_1_47' title='bbox 348 1293 380 1336; x_wconf 83' lang='lat' dir='ltr'>ut</span> <span class='ocrx_word' id='word_1_48' title='bbox 391 1295 529 1358; x_wconf 87' lang='lat' dir='ltr'>appareat.</span> <span class='ocrx_word' id='word_1_49' title='bbox 552 1293 612 1338; x_wconf 90' lang='lat' dir='ltr'>tum</span> <span class='ocrx_word' id='word_1_50' title='bbox 621 1297 747 1338; x_wconf 79' lang='lat' dir='ltr'>remove·</span> 
     </span>
     <span class='ocr_line' id='line_1_10' title="bbox 146 1361 748 1443; baseline -0.003 -19"><span class='ocrx_word' id='word_1_51' title='bbox 146 1365 216 1424; x_wconf 87' lang='lat' dir='ltr'>bitur</span> <span class='ocrx_word' id='word_1_52' title='bbox 224 1366 318 1424; x_wconf 80' lang='lat' dir='ltr'>omnis</span> <span class='ocrx_word' id='word_1_53' title='bbox 330 1361 442 1443; x_wconf 83' lang='lat' dir='ltr'>infignis</span> <span class='ocrx_word' id='word_1_54' title='bbox 452 1380 580 1436; x_wconf 77' lang='lat' dir='ltr'>ornatus,</span> <span class='ocrx_word' id='word_1_55' title='bbox 592 1362 667 1443; x_wconf 82' lang='lat' dir='ltr'>quali</span> <span class='ocrx_word' id='word_1_56' title='bbox 675 1385 748 1423; x_wconf 86' lang='lat' dir='ltr'>mar·</span> 
     </span>
     <span class='ocr_line' id='line_1_11' title="bbox 144 1448 751 1529; baseline -0.005 -20"><span class='ocrx_word' id='word_1_57' title='bbox 144 1453 312 1528; x_wconf 73' lang='lat' dir='ltr'>gariramurr</span> <span class='ocrx_word' id='word_1_58' title='bbox 324 1471 358 1508; x_wconf 90' lang='lat' dir='ltr'>ne</span> <span class='ocrx_word' id='word_1_59' title='bbox 368 1449 512 1510; x_wconf 84' lang='lat' dir='ltr'>calamistri</span> <span class='ocrx_word' id='word_1_60' title='bbox 520 1448 630 1529; x_wconf 91' lang='lat' dir='ltr'>quidem</span> <span class='ocrx_word' id='word_1_61' title='bbox 639 1449 751 1508; x_wconf 87' lang='lat' dir='ltr'>adhibe·</span> 
     </span>
     <span class='ocr_line' id='line_1_12' title="bbox 144 1535 749 1598; baseline -0.003 -2"><span class='ocrx_word' id='word_1_62' title='bbox 144 1539 265 1596; x_wconf 87' lang='lat' dir='ltr'>buntur:</span> <span class='ocrx_word' id='word_1_63' title='bbox 274 1535 431 1598; x_wconf 81' lang='lat' dir='ltr'>fucativero</span> <span class='ocrx_word' id='word_1_64' title='bbox 439 1536 638 1596; x_wconf 85' lang='lat' dir='ltr'>medicamenta</span> <span class='ocrx_word' id='word_1_65' title='bbox 645 1535 749 1595; x_wconf 91' lang='lat' dir='ltr'>cando·</span> 
     </span>
     <span class='ocr_line' id='line_1_13' title="bbox 145 1623 749 1704; baseline 0 -23"><span class='ocrx_word' id='word_1_66' title='bbox 145 1626 193 1698; x_wconf 82' lang='lat' dir='ltr'>ris,</span> <span class='ocrx_word' id='word_1_67' title='bbox 205 1639 235 1684; x_wconf 90' lang='lat' dir='ltr'>et</span> <span class='ocrx_word' id='word_1_68' title='bbox 251 1626 371 1700; x_wconf 84' lang='lat' dir='ltr'>ruboris,</span> <span class='ocrx_word' id='word_1_69' title='bbox 382 1625 479 1685; x_wconf 87' lang='lat' dir='ltr'>omnia</span> <span class='ocrx_word' id='word_1_70' title='bbox 492 1623 675 1704; x_wconf 81' lang='lat' dir='ltr'>repellentur:</span> <span class='ocrx_word' id='word_1_71' title='bbox 695 1623 749 1681; x_wconf 86' lang='lat' dir='ltr'>ele·</span> 
     </span>
     <span class='ocr_line' id='line_1_14' title="bbox 146 1710 747 1787; baseline 0 -18"><span class='ocrx_word' id='word_1_72' title='bbox 146 1713 237 1787; x_wconf 80' lang='lat' dir='ltr'>gantia</span> <span class='ocrx_word' id='word_1_73' title='bbox 257 1710 360 1787; x_wconf 90' lang='lat' dir='ltr'>modo,</span> <span class='ocrx_word' id='word_1_74' title='bbox 383 1729 412 1770; x_wconf 80' lang='lat' dir='ltr'>et</span> <span class='ocrx_word' id='word_1_75' title='bbox 430 1711 565 1771; x_wconf 84' lang='lat' dir='ltr'>munditia</span> <span class='ocrx_word' id='word_1_76' title='bbox 587 1713 747 1771; x_wconf 84' lang='lat' dir='ltr'>remanebit.</span> 
     </span>
     <span class='ocr_line' id='line_1_15' title="bbox 147 1797 749 1879; baseline 0.002 -25"><span class='ocrx_word' id='word_1_77' title='bbox 147 1797 229 1859; x_wconf 85' lang='lat' dir='ltr'>sermo</span> <span class='ocrx_word' id='word_1_78' title='bbox 245 1819 333 1879; x_wconf 83' lang='lat' dir='ltr'>purus</span> <span class='ocrx_word' id='word_1_79' title='bbox 348 1801 401 1858; x_wconf 93' lang='lat' dir='ltr'>erit</span> <span class='ocrx_word' id='word_1_80' title='bbox 419 1818 446 1857; x_wconf 87' lang='lat' dir='ltr'>et</span> <span class='ocrx_word' id='word_1_81' title='bbox 462 1800 595 1859; x_wconf 79' lang='lat' dir='ltr'>Latinus:</span> <span class='ocrx_word' id='word_1_82' title='bbox 619 1797 749 1870; x_wconf 85' lang='lat' dir='ltr'>dilucide,</span> 
     </span>
     <span class='ocr_line' id='line_1_16' title="bbox 148 1884 749 1964; baseline -0.005 -21"><span class='ocrx_word' id='word_1_83' title='bbox 148 1884 279 1964; x_wconf 80' lang='lat' dir='ltr'>planeque</span> <span class='ocrx_word' id='word_1_84' title='bbox 295 1884 415 1944; x_wconf 88' lang='lat' dir='ltr'>dicetur:</span> <span class='ocrx_word' id='word_1_85' title='bbox 431 1885 499 1963; x_wconf 90' lang='lat' dir='ltr'>quid</span> <span class='ocrx_word' id='word_1_86' title='bbox 514 1885 619 1954; x_wconf 86' lang='lat' dir='ltr'>deceat,</span> <span class='ocrx_word' id='word_1_87' title='bbox 632 1886 749 1942; x_wconf 87' lang='lat' dir='ltr'>circum·</span> 
     </span>
     <span class='ocr_line' id='line_1_17' title="bbox 121 1967 750 2049; baseline -0.01 -17"><span class='ocrx_word' id='word_1_88' title='bbox 121 1967 282 2049; x_wconf 53' lang='lat' dir='ltr'>⁴»ispicietun</span> <span class='ocrx_word' id='word_1_89' title='bbox 349 1976 443 2030; x_wconf 88' lang='lat' dir='ltr'>Unum</span> <span class='ocrx_word' id='word_1_90' title='bbox 459 1971 558 2046; x_wconf 87' lang='lat' dir='ltr'>aderit,</span> <span class='ocrx_word' id='word_1_91' title='bbox 574 1969 650 2048; x_wconf 92' lang='lat' dir='ltr'>quod</span> <span class='ocrx_word' id='word_1_92' title='bbox 667 1989 750 2046; x_wconf 89' lang='lat' dir='ltr'>quar·</span> 
     </span>
     <span class='ocr_line' id='line_1_18' title="bbox 149 2056 749 2135; baseline -0.003 -20"><span class='ocrx_word' id='word_1_93' title='bbox 149 2071 200 2118; x_wconf 85' lang='lat' dir='ltr'>tum</span> <span class='ocrx_word' id='word_1_94' title='bbox 210 2072 339 2118; x_wconf 86' lang='lat' dir='ltr'>numerat</span> <span class='ocrx_word' id='word_1_95' title='bbox 351 2056 561 2135; x_wconf 83' lang='lat' dir='ltr'>Theophrastus</span> <span class='ocrx_word' id='word_1_96' title='bbox 574 2059 603 2114; x_wconf 93' lang='lat' dir='ltr'>in</span> <span class='ocrx_word' id='word_1_97' title='bbox 612 2057 749 2115; x_wconf 81' lang='lat' dir='ltr'>orationis</span> 
     </span>
     <span class='ocr_line' id='line_1_19' title="bbox 149 2141 747 2220; baseline -0.002 -19"><span class='ocrx_word' id='word_1_98' title='bbox 149 2141 414 2220; x_wconf 79' lang='lat' dir='ltr'>luudibus,ornatum</span> <span class='ocrx_word' id='word_1_99' title='bbox 422 2142 616 2214; x_wconf 87' lang='lat' dir='ltr'>illudsuave,et</span> <span class='ocrx_word' id='word_1_100' title='bbox 623 2141 747 2200; x_wconf 83' lang='lat' dir='ltr'>affluens:</span> 
     </span>
     <span class='ocr_line' id='line_1_20' title="bbox 149 2228 749 2310; baseline 0 -24"><span class='ocrx_word' id='word_1_101' title='bbox 149 2247 248 2304; x_wconf 84' lang='lat' dir='ltr'>acutae,</span> <span class='ocrx_word' id='word_1_102' title='bbox 260 2233 425 2310; x_wconf 86' lang='lat' dir='ltr'>crebraeque</span> <span class='ocrx_word' id='word_1_103' title='bbox 437 2228 589 2289; x_wconf 86' lang='lat' dir='ltr'>sententiae</span> <span class='ocrx_word' id='word_1_104' title='bbox 597 2241 749 2307; x_wconf 85' lang='lat' dir='ltr'>ponentur,</span> 
     </span>
     <span class='ocr_line' id='line_1_21' title="bbox 150 2316 749 2393; baseline 0.005 -21"><span class='ocrx_word' id='word_1_105' title='bbox 150 2317 271 2378; x_wconf 85' lang='lat' dir='ltr'>etnelcio</span> <span class='ocrx_word' id='word_1_106' title='bbox 280 2316 354 2376; x_wconf 90' lang='lat' dir='ltr'>unde</span> <span class='ocrx_word' id='word_1_107' title='bbox 361 2337 397 2374; x_wconf 86' lang='lat' dir='ltr'>ex</span> <span class='ocrx_word' id='word_1_108' title='bbox 409 2317 503 2376; x_wconf 84' lang='lat' dir='ltr'>abdito</span> <span class='ocrx_word' id='word_1_109' title='bbox 514 2332 617 2389; x_wconf 81' lang='lat' dir='ltr'>erutae,</span> <span class='ocrx_word' id='word_1_110' title='bbox 629 2330 710 2393; x_wconf 81' lang='lat' dir='ltr'>atque</span> <span class='ocrx_word' id='word_1_111' title='bbox 719 2317 749 2375; x_wconf 92' lang='lat' dir='ltr'>in</span> 
     </span>
     <span class='ocr_line' id='line_1_22' title="bbox 150 2403 748 2465; baseline 0.003 -7"><span class='ocrx_word' id='word_1_112' title='bbox 150 2403 317 2465; x_wconf 88' lang='lat' dir='ltr'>locoratore</span> <span class='ocrx_word' id='word_1_113' title='bbox 329 2404 554 2463; x_wconf 84' lang='lat' dir='ltr'>dominabuntur.</span> <span class='ocrx_word' id='word_1_114' title='bbox 576 2403 748 2464; x_wconf 83' lang='lat' dir='ltr'>verecundus</span> 
     </span>
     <span class='ocr_line' id='line_1_23' title="bbox 152 2487 747 2568; baseline 0.003 -24"><span class='ocrx_word' id='word_1_115' title='bbox 152 2493 193 2550; x_wconf 85' lang='lat' dir='ltr'>erit</span> <span class='ocrx_word' id='word_1_116' title='bbox 202 2487 682 2568; x_wconf 75' lang='lat' dir='ltr'>ususoratoriaequasrsupelledlilis.</span> <span class='ocrx_word' id='word_1_117' title='bbox 704 2489 747 2546; x_wconf 88' lang='lat' dir='ltr'>su-</span> 
     </span>
     <span class='ocr_line' id='line_1_24' title="bbox 152 2574 747 2653; baseline -0.008 -17"><span class='ocrx_word' id='word_1_118' title='bbox 152 2576 232 2649; x_wconf 79' lang='lat' dir='ltr'>pellex</span> <span class='ocrx_word' id='word_1_119' title='bbox 248 2576 286 2635; x_wconf 92' lang='lat' dir='ltr'>est</span> <span class='ocrx_word' id='word_1_120' title='bbox 304 2578 379 2634; x_wconf 89' lang='lat' dir='ltr'>enim</span> <span class='ocrx_word' id='word_1_121' title='bbox 398 2576 519 2653; x_wconf 90' lang='lat' dir='ltr'>quodam</span> <span class='ocrx_word' id='word_1_122' title='bbox 539 2576 624 2635; x_wconf 87' lang='lat' dir='ltr'>modo</span> <span class='ocrx_word' id='word_1_123' title='bbox 644 2574 747 2647; x_wconf 86' lang='lat' dir='ltr'>nostra,</span> 
     </span>
     <span class='ocr_line' id='line_1_25' title="bbox 153 2660 749 2737; baseline -0.008 -17"><span class='ocrx_word' id='word_1_124' title='bbox 153 2679 212 2737; x_wconf 86' lang='lat' dir='ltr'>quae</span> <span class='ocrx_word' id='word_1_125' title='bbox 226 2663 306 2722; x_wconf 87' lang='lat' dir='ltr'>estin</span> <span class='ocrx_word' id='word_1_126' title='bbox 323 2664 505 2736; x_wconf 82' lang='lat' dir='ltr'>ornamentis,</span> <span class='ocrx_word' id='word_1_127' title='bbox 516 2662 568 2719; x_wconf 87' lang='lat' dir='ltr'>alia</span> <span class='ocrx_word' id='word_1_128' title='bbox 583 2683 685 2734; x_wconf 87' lang='lat' dir='ltr'>rerum,</span> <span class='ocrx_word' id='word_1_129' title='bbox 698 2660 749 2717; x_wconf 84' lang='lat' dir='ltr'>alia</span> 
     </span>
     <span class='ocr_line' id='line_1_26' title="bbox 155 2746 748 2820; baseline -0.002 -18"><span class='ocrx_word' id='word_1_130' title='bbox 155 2752 303 2810; x_wconf 76' lang='lat' dir='ltr'>uerborum.</span> <span class='ocrx_word' id='word_1_131' title='bbox 313 2763 428 2806; x_wconf 82' lang='lat' dir='ltr'>ornatus</span> <span class='ocrx_word' id='word_1_132' title='bbox 437 2763 527 2807; x_wconf 88' lang='lat' dir='ltr'>autem</span> <span class='ocrx_word' id='word_1_133' title='bbox 535 2746 748 2820; x_wconf 85' lang='lat' dir='ltr'>verborum,du-</span> 
     </span>
     <span class='ocr_line' id='line_1_27' title="bbox 157 2832 748 2913; baseline -0.012 -22"><span class='ocrx_word' id='word_1_134' title='bbox 157 2833 227 2904; x_wconf 72' lang='lat' dir='ltr'>ulex:</span> <span class='ocrx_word' id='word_1_135' title='bbox 241 2832 499 2913; x_wconf 83' lang='lat' dir='ltr'>unussrmplicium,</span> <span class='ocrx_word' id='word_1_136' title='bbox 518 2833 586 2892; x_wconf 89' lang='lat' dir='ltr'>alter</span> <span class='ocrx_word' id='word_1_137' title='bbox 594 2833 748 2893; x_wconf 87' lang='lat' dir='ltr'>collocato·</span> 
     </span>
    </p>
   </div>
   <div class='ocr_carea' id='block_1_3' title="bbox 159 2909 753 3003">
    <p class='ocr_par' dir='ltr' id='par_1_3' title="bbox 159 2909 753 3003">
     <span class='ocr_line' id='line_1_28' title="bbox 159 2909 753 3003; baseline -0.022 -18"><span class='ocrx_word' id='word_1_138' title='bbox 159 2931 212 2984; x_wconf 72' lang='lat' dir='ltr'>um.</span> <span class='ocrx_word' id='word_1_139' title='bbox 237 2920 355 3001; x_wconf 83' lang='lat' dir='ltr'>fimplex</span> <span class='ocrx_word' id='word_1_140' title='bbox 370 2923 502 3001; x_wconf 87' lang='lat' dir='ltr'>probatur</span> <span class='ocrx_word' id='word_1_141' title='bbox 515 2919 687 3003; x_wconf 79' lang='lat' dir='ltr'>inpropriis,</span> <span class='ocrx_word' id='word_1_142' title='bbox 697 2909 753 2972; x_wconf 76' lang='lat' dir='ltr'>ula·</span> 
     </span>
    </p>
   </div>
   <div class='ocr_carea' id='block_1_4' title="bbox 0 0 970 3409">
    <p class='ocr_par' dir='ltr' id='par_1_4' title="bbox 0 0 970 3409">
     <span class='ocr_line' id='line_1_29' title="bbox 0 0 970 3409; baseline 0 0"><span class='ocrx_word' id='word_1_143' title='bbox 0 0 970 3409; x_wconf 95' lang='lat' dir='ltr'> </span> 
     </span>
    </p>
   </div>
  </div>
 </body>
</html>
